@misc{JuliaMartins2025,
   author = {Julia Martins},
   month = {1},
   title = {¿Qué es la metodología Kanban y cómo funciona? [2025] • Asana},
   url = {https://asana.com/es/resources/what-is-kanban},
   year = {2025}
}
